@article{tomas:2008,
  title={Telomerase reverse transcriptase delays aging in cancer-resistant mice},
  author={Tom{\'a}s-Loba, Antonia and Flores, Ignacio and Fern{\'a}ndez-Marcos, Pablo J and Cayuela, Mar{\'\i}a L and Maraver, Antonio and Tejera, Agueda and Borr{\'a}s, Consuelo and Matheu, Ander and Klatt, Peter and Flores, Juana M and others},
  journal={Cell},
  volume={135},
  number={4},
  pages={609--622},
  year={2008},
  publisher={Elsevier}
}

@misc{website:database,
  author = {WebSite},
  title = {Telomerase Database},
  note = {Last accessed: April, 2015, \url{http://telomerase.asu.edu}},
  year = {2015}
}

@misc{website:nobel,
  author = {WebSite},
  title = {Nobel Prize},
  note = {Last accessed: April, 2015, \url{http://www.nobelprize.org}},
  year = {2015}
}
