@article{bennet:1994,
  title={Amino acid substitution during functionally constrained divergent evolution of protein sequences},
  author={Bennet, SA and Cohen, Mark A and Gonnet, Gaston H},
  journal={Protein Engineering},
  volume={7},
  number={11},
  pages={1323--1332},
  year={1994},
  publisher={Oxford Univ Press}
}

@inproceedings{dayhoff:1978,
  title={A model of evolutionary change in proteins},
  author={Dayhoff, Margaret O and Schwartz, Robert M},
  booktitle={In Atlas of protein sequence and structure},
  year={1978},
  organization={Citeseer}
}

@article{henikoff:1992,
  title={Amino acid substitution matrices from protein blocks},
  author={Henikoff, Steven and Henikoff, Jorja G},
  journal={Proceedings of the National Academy of Sciences},
  volume={89},
  number={22},
  pages={10915--10919},
  year={1992},
  publisher={National Acad Sciences}
}

@article{jones:1992,
  title={The rapid generation of mutation data matrices from protein sequences},
  author={Jones, David T and Taylor, William R and Thornton, Janet M},
  journal={Computer applications in the biosciences: CABIOS},
  volume={8},
  number={3},
  pages={275--282},
  year={1992},
  publisher={Oxford Univ Press}
}
@misc{Muffin:2015,
  author = {WebSite},
  title = {Photobucket},
  note = {Last accessed: April, 2015, \url{http://s202.photobucket.com/user/pastor\_bob/media/EnglishMuffin\_zpsb6fe2bd9.jpg.html}},
  year = {2015}
}
@article{whelan:2001,
  title={A general empirical model of protein evolution derived from multiple protein families using a maximum-likelihood approach},
  author={Whelan, Simon and Goldman, Nick},
  journal={Molecular biology and evolution},
  volume={18},
  number={5},
  pages={691--699},
  year={2001},
  publisher={SMBE}
}

