@article{ferguson2000linear,
  title={Linear programming: A concise introduction},
  author={Ferguson, Thomas S},
  journal={UCLA [online] http://www. math. ucla. edu/\~{} tom/LP. pdf},
  year={2000}
}
